<collection xmlns="http://www.loc.gov/MARC21/slim"><record><leader>00783nam  2200241   450</leader><controlfield tag="001">189</controlfield><controlfield tag="003">http://montalegre.opacnet.com/OPAC/default.aspx?ContentAreaControl=ShowRegHoldings.ascx&amp;RegNo=16662</controlfield><controlfield tag="005">20</controlfield><datafield tag="021" ind1=" " ind2=" "><subfield code="a">PT</subfield><subfield code="b">10717/86</subfield></datafield><datafield tag="095" ind1=" " ind2=" "><subfield code="a">PTBN00040475</subfield></datafield><datafield tag="100" ind1=" " ind2=" "><subfield code="a">19870608d1986    m  y0pory010305  ba</subfield></datafield><datafield tag="101" ind1="1" ind2=" "><subfield code="a">por</subfield><subfield code="c">fre</subfield></datafield><datafield tag="102" ind1=" " ind2=" "><subfield code="a">PT</subfield></datafield><datafield tag="200" ind1="1" ind2=" "><subfield code="a">Morte a crédito</subfield><subfield code="f">Louis-Ferdinand Céline</subfield><subfield code="g">trad. Luiza Neto Jorge</subfield></datafield><datafield tag="210" ind1=" " ind2=" "><subfield code="a">Lisboa</subfield><subfield code="c">Assírio &amp; Alvim</subfield><subfield code="d">D.L. 1986</subfield></datafield><datafield tag="215" ind1=" " ind2=" "><subfield code="a">532 p.</subfield><subfield code="d">21 cm</subfield></datafield><datafield tag="225" ind1="2" ind2=" "><subfield code="a">&lt;O &gt;imaginário</subfield><subfield code="v">14</subfield></datafield><datafield tag="304" ind1=" " ind2=" "><subfield code="a">Tít. orig. Mort a credit</subfield></datafield><datafield tag="675" ind1=" " ind2=" "><subfield code="a">821</subfield><subfield code="v">bn</subfield><subfield code="z">por</subfield></datafield><datafield tag="700" ind1=" " ind2="1"><subfield code="a">Céline</subfield><subfield code="b">Louis-Ferdinand</subfield><subfield code="c">pseud</subfield></datafield><datafield tag="702" ind1=" " ind2="1"><subfield code="a">Jorge</subfield><subfield code="b">Luísa Neto</subfield><subfield code="f">1939-1989</subfield></datafield><datafield tag="801" ind1=" " ind2="0"><subfield code="a">PT</subfield><subfield code="b">Biblioteca Municipal de Montalegre</subfield><subfield code="g">RPC</subfield></datafield><datafield tag="856" ind1=" " ind2=" "><subfield code="u">locateMedia.asp?cod=20060510094930&amp;ext=jpg</subfield><subfield code="z">CAPA</subfield></datafield><datafield tag="909" ind1="&#9;" ind2=" "><subfield code="a">1</subfield></datafield><datafield tag="966" ind1=" " ind2=" "><subfield code="a">0008593</subfield><subfield code="l">BMM</subfield><subfield code="s">SCG 821 CÉL mor 14</subfield></datafield></record></collection>